@article{main-result,
	title={On the Compressed-Oracle Technique, and Post-Quantum Security of Proofs of Sequential Work},
	DOI={10.1007/978-3-030-77886-6_21},
	journal={Lecture Notes in Computer Science Advances in Cryptology – EUROCRYPT 2021},
	author={Chung, Kai-Min and Fehr, Serge and Huang, Yu-Hsuan and Liao, Tai-Ning}, year={2021}, pages={598–629}
}


@book{intro-algo,
	added-at = {2009-02-18T15:27:17.000+0100},
	asin = {0262032937},
	author = {Cormen, Thomas H. and Leiserson, Charles E. and Rivest, Ronald L. and Stein, Clifford},
	biburl = {https://www.bibsonomy.org/bibtex/2225d42638921bee01b4ac8ff991b0a6a/rekstorm},
	description = {Amazon.com: Introduction to Algorithms: Thomas H. Cormen, Charles E. Leiserson, Ronald L. Rivest, Clifford Stein: Books},
	dewey = {005.1},
	ean = {9780262032933},
	edition = {2nd},
	interhash = {dcdeb0ec50a6798abf1724056982b543},
	intrahash = {225d42638921bee01b4ac8ff991b0a6a},
	isbn = {0262032937},
	keywords = {algorithm algorithms computer data design paper-cpm programming science structures},
	publisher = {The MIT Press},
	timestamp = {2009-02-18T15:27:17.000+0100},
	title = {Introduction to Algorithms},
	url = {http://www.amazon.com/Introduction-Algorithms-Thomas-H-Cormen/dp/0262032937%3FSubscriptionId%3D13CT5CVB80YFWJEPWS02%26tag%3Dws%26linkCode%3Dxm2%26camp%3D2025%26creative%3D165953%26creativeASIN%3D0262032937},
	year = 2001
}

@article{compressed-oracles,
	title={How to Record Quantum Queries, and Applications to Quantum Indifferentiability},
	DOI={10.1007/978-3-030-26951-7_9},
	journal={Advances in Cryptology – CRYPTO 2019 Lecture Notes in Computer Science},
	author={Zhandry, Mark},
	year={2019},
	pages={239–268}
}

@article{posw,
	title={Simple Proofs of Sequential Work},
	DOI={10.1007/978-3-319-78375-8_15},
	journal={Advances in Cryptology – EUROCRYPT 2018 Lecture Notes in Computer Science},
	author={Cohen, Bram and Pietrzak, Krzysztof},
	year={2018},
	pages={451–467}
}

